@article{stochastic,
  title={Game strategies in network security},
  author={Lye, Kong-wei and Wing, Jeannette M},
  journal={International Journal of Information Security},
  volume={4},
  number={1-2},
  pages={71--86},
  year={2005},
  publisher={Springer}
}

@inproceedings{survey,
  title={A survey of game theory as applied to network security},
  author={Roy, Sankardas and Ellis, Charles and Shiva, Sajjan and Dasgupta, Dipankar and Shandilya, Vivek and Wu, Qishi},
  booktitle={2010 43rd Hawaii International Conference on System Sciences},
  pages={1--10},
  year={2010},
  organization={IEEE}
}

@online{wiki-coop,
title={Cooperative Game Theory},
url={https://en.wikipedia.org/wiki/Cooperative_game_theory},
lastchecked={2020-12-08}
}

@online{wiki-stochastic,
title={Stochastic Game},
url={https://en.wikipedia.org/wiki/Stochastic_game},
accessed={2020-12-08}
}

@online{cyberactor,
title={Cybersecurity Spotlight- Cyber Threat Actors},
url={https://www.cisecurity.org/spotlight/cybersecurity-spotlight-cyber-threat-actors/},
accessed={2020-12-08}
}

@article{static,
  title={Modelling information warfare as a game},
  author={Jormakka, Jorma and M{\"o}ls{\"a}, Jarmo VE},
  journal={Journal of information warfare},
  volume={4},
  number={2},
  pages={12--25},
  year={2005},
  publisher={JSTOR}
}
